%% This BibTeX bibliography file was created using BibDesk.
%% http://bibdesk.sourceforge.net/


%% Created for Edward Brown at 2015-04-03 10:19:33 -0400 


%% Saved with string encoding Unicode (UTF-8) 



@book{landau80:_statis_physic,
	Address = {Oxford},
	Author = {Landau, L. D. and Lifshitz, E. M.},
	Date-Added = {2015-04-03 14:19:26 +0000},
	Date-Modified = {2015-04-03 14:19:26 +0000},
	Edition = {3},
	Publisher = {Pergamon Press},
	Title = {Statistical Physics, part 1},
	Year = {1980}}

@article{Schroder2001The-galactic-ma,
	Author = {{Schr{\"o}der}, K.-P. and {Sedlmayr}, E.},
	Date-Added = {2015-04-03 14:19:14 +0000},
	Date-Modified = {2015-04-03 14:19:14 +0000},
	Journal = {\aap},
	Month = feb,
	Pages = {913-922},
	Title = {{The galactic mass injection from cool stellar winds of the 1 to 2.5 $M_{\sun}$ stars in the solar neighbourhood}},
	Volume = 366,
	Year = 2001}

@article{Reimers1977On-the-absolute,
	Author = {{Reimers}, D.},
	Date-Added = {2015-04-03 14:19:05 +0000},
	Date-Modified = {2015-04-03 14:19:05 +0000},
	Journal = {\aap},
	Month = oct,
	Pages = {217-224},
	Title = {{On the absolute scale of mass-loss in red giants. I - Circumstellar absorption lines in the spectrum of the visual companion of Alpha-1 HER}},
	Volume = 61,
	Year = 1977}

@article{Paczynski1970Evolution-of-Si,
	Author = {{Paczy{\'n}ski}, B.},
	Date-Added = {2015-04-03 14:18:56 +0000},
	Date-Modified = {2015-04-03 14:18:56 +0000},
	Journal = {Acta Astronomica},
	Pages = {47},
	Title = {{Evolution of Single Stars. I. Stellar Evolution from Main Sequence to White Dwarf or Carbon Ignition}},
	Volume = 20,
	Year = 1970}

@article{Salpeter1954Electrons-Scree,
	Author = {{Salpeter}, E.~E.},
	Date-Added = {2015-04-03 14:18:38 +0000},
	Date-Modified = {2015-04-03 14:18:38 +0000},
	Journal = {Australian Journal of Physics},
	Month = sep,
	Pages = {373-+},
	Title = {{Electrons Screening and Thermonuclear Reactions}},
	Volume = 7,
	Year = 1954}

@inproceedings{bildsten:thermonuclear,
	Address = {Dordrecht},
	Author = {{Bildsten}, L.},
	Booktitle = {The Many Faces of Neutron Stars},
	Date-Added = {2015-04-03 14:18:22 +0000},
	Date-Modified = {2015-04-03 14:18:22 +0000},
	Editor = {Alpar, A. and Buccheri, R. and {van Paradijs}, J.},
	Organization = {NATO ASI ser.~C},
	Pages = {419},
	Publisher = {Kluwer},
	Title = {Thermonuclear Burning on Rapidly Accreting Neutron Stars},
	Volume = {515},
	Year = {1998}}

@article{Ritter1999Analytical-solu,
	Author = {{Ritter}, H.},
	Date-Added = {2015-04-03 14:18:06 +0000},
	Date-Modified = {2015-04-03 14:18:06 +0000},
	Eprint = {arXiv:astro-ph/9904011},
	Journal = {\mnras},
	Month = oct,
	Pages = {360-372},
	Title = {{Analytical solution for the evolution of a binary with stable mass transfer from a giant}},
	Volume = 309,
	Year = 1999}

@article{Frohlich2004Solar-radiative,
	Author = {{Fr\"ohlich}, C. and {Lean}, J.},
	Date-Added = {2015-04-03 14:17:52 +0000},
	Date-Modified = {2015-04-03 14:17:52 +0000},
	Journal = {\aapr},
	Month = dec,
	Pages = {273-320},
	Title = {{Solar radiative output and its variability: evidence and mechanisms}},
	Volume = 12,
	Year = 2004}

@article{Willson1991The-suns-lumino,
	Author = {{Willson}, R.~C. and {Hudson}, H.~S.},
	Date-Added = {2015-04-03 14:17:43 +0000},
	Date-Modified = {2015-04-03 14:17:43 +0000},
	Journal = {\nat},
	Month = may,
	Pages = {42-44},
	Title = {{The sun's luminosity over a complete solar cycle}},
	Volume = 351,
	Year = 1991}

@inproceedings{Asplund2005The-Solar-Chemi,
	Author = {{Asplund}, M. and {Grevesse}, N. and {Sauval}, A.~J.},
	Booktitle = {Cosmic Abundances as Records of Stellar Evolution and Nucleosynthesis},
	Date-Added = {2015-04-03 14:17:14 +0000},
	Date-Modified = {2015-04-03 14:17:14 +0000},
	Editor = {{Barnes}, III, T.~G. and {Bash}, F.~N.},
	Month = sep,
	Pages = {25},
	Series = {Astronomical Society of the Pacific Conference Series},
	Title = {{The Solar Chemical Composition}},
	Volume = 336,
	Year = 2005}

@article{anders.grevesse:abundances,
	Author = {{Anders}, E. and {Grevesse}, N.},
	Date-Added = {2015-04-03 14:16:50 +0000},
	Date-Modified = {2015-04-03 14:16:50 +0000},
	Journal = {\gca},
	Pages = {197-214},
	Title = {Abundances of the elements - Meteoritic and solar},
	Volume = {53},
	Year = {1989}}

@article{Chabrier2003Galactic-Stella,
	Author = {Gilles Chabrier},
	Date-Added = {2015-04-03 14:16:42 +0000},
	Date-Modified = {2015-04-03 14:16:42 +0000},
	Eprint = {astro-ph/0304382},
	Journal = {Publ.Astron.Soc.Pac.},
	Pages = {763-796},
	Title = {Galactic Stellar and Substellar Initial Mass Function},
	Volume = {115},
	Year = {2003}}

@article{Salpeter1955The-Luminosity-,
	Author = {{Salpeter}, E.~E.},
	Date-Added = {2015-04-03 14:16:24 +0000},
	Date-Modified = {2015-04-03 14:16:24 +0000},
	Journal = {\apj},
	Month = jan,
	Pages = {161-+},
	Title = {{The Luminosity Function and Stellar Evolution.}},
	Volume = 121,
	Year = 1955}

@article{timmes.swesty:accuracy,
	Author = {{Timmes}, F. X. and {Swesty}, F. D.},
	Date-Added = {2015-04-03 14:16:08 +0000},
	Date-Modified = {2015-04-03 14:16:08 +0000},
	Journal = {\apjs},
	Pages = {501},
	Title = {{The Accuracy, Consistency, and Speed of an Electron-Positron Equation of State Based on Table Interpolation of the Helmholtz Free Energy}},
	Volume = {126},
	Year = {2000}}

@article{Grant1962Turbulence-spec,
	Author = {{Grant}, H.~L. and {Stewart}, R.~W. and {Moilliet}, A.},
	Date-Added = {2015-04-03 14:16:01 +0000},
	Date-Modified = {2015-04-03 14:16:01 +0000},
	Journal = {Journal of Fluid Mechanics},
	Pages = {241-268},
	Title = {{Turbulence spectra from a tidal channel}},
	Volume = 12,
	Year = 1962}

@article{Hubeny2003A-Possible-Bifu,
	Author = {{Hubeny}, I. and {Burrows}, A. and {Sudarsky}, D.},
	Date-Added = {2015-04-03 14:15:49 +0000},
	Date-Modified = {2015-04-03 14:15:49 +0000},
	Journal = {\apj},
	Month = sep,
	Pages = {1011-1018},
	Title = {{A Possible Bifurcation in Atmospheres of Strongly Irradiated Stars and Planets}},
	Volume = 594,
	Year = 2003}

@article{Hummer1982The-effect-of-r,
	Author = {{Hummer}, D.~G.},
	Date-Added = {2015-04-03 14:15:38 +0000},
	Date-Modified = {2015-04-03 14:15:38 +0000},
	Journal = {\apj},
	Month = jun,
	Pages = {724-732},
	Title = {{The effect of reflected and external radiation on stellar flux distributions}},
	Volume = 257,
	Year = 1982}
